
@misc{rrl,
  title = {{Robot Control}},
  author = {Travis Dewolf},
  YEAR = {2020},
  howpublished = {\url{https://studywolf.wordpress.com/2013/09/02/robot-control-jacobians-velocity-and-force/}},
}

@BOOK{itr,
  TITLE = {{Introduction to Robotics}},
  AUTHOR = {Khatib, O. and Kolarov, K.},
  YEAR = {2020},
  PUBLISHER = {Stanford},
}

@inproceedings{schwarz2017nimbro,
	title={{Nimbro picking: Versatile part handling for warehouse automation}},
	author={Schwarz, Max and Milan, Anton and Lenz, Christian and Munoz, Aura and Periyasamy, Arul Selvam and Schreiber, Michael and Sch{\"u}ller, Sebastian and Behnke, Sven},
	booktitle={{2017 IEEE International Conference on Robotics and Automation (ICRA)}},
	pages={3032--3039},
	year={2017},
	organization={IEEE}
}

@misc{panda_denavit-hartenberg,
	title={{Robot and interface specifications}},
	year=2017,
	howpublished= {\url{https://frankaemika.github.io/docs/control_parameters.html}}
}

@misc{fcid,
  title = {{Overview -- Franka Control Interface (FCI) Documentation}},
  howpublished = {\url{https://frankaemika.github.io/docs/overview.html}},
}

@misc{urd,
  title = {{UR10e technical details}},
  howpublished = {\url{https://www.universal-robots.com/media/1802779/ur10e-32528_ur_technical_details_.pdf}},
}


